@book{glasman2010science,
  title={Science research writing for non-native speakers of English},
  author={Glasman-Deal, Hilary},
  year={2010},
  publisher={World Scientific}
}

@article{ramsey2005c,
  title={The C--language specification Version 2.0 (CVS revision 1.128)},
  author={Ramsey, Norman and Jones, Simon Peyton and Lindig, Christian},
  url={http://www.cminusminus.org/code.html/#spec},
  year={2005}
}

@inproceedings{tiuryn1992subtype,
  title={Subtype inequalities},
  author={Tiuryn, Jerzy},
  booktitle={1992 Proceedings of the Seventh Annual IEEE Symposium on Logic in Computer Science},
  pages={308--309},
  year={1992},
  organization={IEEE Computer Society}
}

@book{gratzer2002general,
  title={General lattice theory},
  author={Gr{\"a}tzer, George},
  year={2002},
  publisher={Springer Science \& Business Media}
}

@thesis{klepl2020type,
  title={Type inference and polymorphism for C},
  author={Klepl, Jiří},
  school={Charles University, Faculty of Mathematics and Physics},
  year={2020}
}

@online{stepanek,
  author={Štěpánek, Petr},
  title={Lambda calculus},
  url={https://ktiml.mff.cuni.cz/~hric/vyuka/predn/calculus1_1x1_v2.pdf},
  urldate={2022-07-10}
}

@online{haskellbackends,
  title={5.10. GHC Backends — Glasgow Haskell Compiler 9.2.2 User's Guide},
  url={https://downloads.haskell.org/ghc/latest/docs/html/users_guide/codegens.html},
  year={2020},
  urldate={2022-07-10}
}

@inproceedings{grossman2002existential,
  title={Existential types for imperative languages},
  author={Grossman, Dan},
  booktitle={European Symposium on Programming},
  pages={21--35},
  year={2002},
  organization={Springer}
}

@misc{peytonjones2019type,
author = {Peyton Jones, Simon},
title = {Type inference as constraint solving: how GHC's type inference engine actually works},
howpublished = {Zurihac keynote talk},
year = {2019},
month = {June},
url = {https://www.microsoft.com/en-us/research/publication/type-inference-as-constraint-solving-how-ghcs-type-inference-engine-actually-works/}
}

@inproceedings{jones1999typing,
  title={Typing haskell in haskell},
  author={Jones, Mark P},
  booktitle={Haskell workshop},
  volume={7},
  year={1999}
}

@article{barendregt1992lambda,
  title={Lambda calculi with types},
  author={Barendregt, Henk P},
  year={1992},
  publisher={Oxford: Clarendon Press}
}

@book{barendregt2013lambda,
  title={Lambda calculus with types},
  author={Barendregt, Henk and Dekkers, Wil and Statman, Richard},
  year={2013},
  publisher={Cambridge University Press}
}

@inproceedings{damas1982principal,
  title={Principal type-schemes for functional programs},
  author={Damas, Luis and Milner, Robin},
  booktitle={Proceedings of the 9th ACM SIGPLAN-SIGACT symposium on Principles of programming languages},
  pages={207--212},
  year={1982}
}

@article{vytiniotis2011outsidein,
  title={OutsideIn (X) Modular type inference with local assumptions},
  author={Vytiniotis, Dimitrios and Jones, Simon Peyton and Schrijvers, Tom and Sulzmann, Martin},
  journal={Journal of functional programming},
  volume={21},
  number={4-5},
  pages={333--412},
  year={2011},
  publisher={Cambridge University Press}
}

@inproceedings{lee2000generalized,
  title={A generalized let-polymorphic type inference algorithm},
  author={Lee, Oukseh and Yi, Kwangkeun},
  booktitle={Technical Memorandum ROPAS-2000-5, Research on Program Analysis System, Korea Advanced Institute of Science and Technology},
  year={2000},
  organization={Citeseer}
}


@inproceedings{dudder2013intersection,
  title={Intersection Type Matching with Subtyping},
  author={D{\"u}dder, Boris and Martens, Moritz and Rehof, Jakob},
  booktitle={International Conference on Typed Lambda Calculi and Applications},
  pages={125--139},
  year={2013},
  organization={Springer}
}

@inproceedings{jones2000type,
  title={Type classes with functional dependencies},
  author={Jones, Mark P},
  booktitle={European Symposium on Programming},
  pages={230--244},
  year={2000},
  organization={Springer}
}

@article{wells1999typability,
  title={Typability and type checking in System F are equivalent and undecidable},
  author={Wells, Joe B},
  journal={Annals of Pure and Applied Logic},
  volume={98},
  number={1-3},
  pages={111--156},
  year={1999},
  publisher={Elsevier}
}

@article{palsberg1997type,
  title={Type inference with simple selftypes is NP-complete},
  author={Palsberg, Jens and Jim, Trevor},
  journal={Nord. J. Comput.},
  volume={4},
  number={2},
  pages={259--286},
  year={1997},
  publisher={Citeseer}
}

@article{morrisett1999system,
  title={From System F to typed assembly language},
  author={Morrisett, Greg and Walker, David and Crary, Karl and Glew, Neal},
  journal={ACM Transactions on Programming Languages and Systems (TOPLAS)},
  volume={21},
  number={3},
  pages={527--568},
  year={1999},
  publisher={ACM New York, NY, USA}
}

@article{girard1986system,
  title={The system F of variable types, fifteen years later},
  author={Girard, Jean-Yves},
  journal={Theoretical computer science},
  volume={45},
  pages={159--192},
  year={1986},
  publisher={Elsevier}
}
